%% This BibTeX bibliography file was created using BibDesk.
%% http://bibdesk.sourceforge.net/


%% Created for Leo Sicard at 2011-08-18 21:43:20 +0200 


%% Saved with string encoding Unicode (UTF-8) 



@url{amnesia,
	Date-Added = {2011-08-18 20:18:09 +0200},
	Date-Modified = {2011-08-18 21:43:15 +0200},
	Title = {http://www.amnesiarazorfish.com.au/2011/01/amnesia-razorfish-announces-gesture-sharing-for-smartphones-and-tablets-using-microsoft-surface-press-release},
	Urldate = {2011},
	Bdsk-Url-1 = {http://www.amnesiarazorfish.com.au/2011/01/amnesia-razorfish-announces-gesture-sharing-for-smartphones-and-tablets-using-microsoft-surface-press-release/}}

@article{surfaceware,
	Author = {Paul H. Dietz AND Banjamin D. Eidelson},
	Date-Added = {2011-08-18 20:11:49 +0200},
	Date-Modified = {2011-08-18 20:16:36 +0200},
	Journal = {Tangible and Embedded Interaction},
	Title = {SurfaceWare: Dynamic Tagging for Microsoft Surface},
	Year = {2009}}

@article{rabbit,
	Author = {Juan David Hincapi{\'e}-Ramos AND Aur{\'e}lien Tabard AND Jakob E. Bardram},
	Date-Added = {2011-08-18 20:05:49 +0200},
	Date-Modified = {2011-08-18 20:17:20 +0200},
	Journal = {Ubicomp},
	Title = {Mediated Tabletop Interaction in the Biology Lab - Exploring the Design Space of the Rabbit},
	Year = {2011}}
