%% This BibTeX bibliography file was created using BibDesk.
%% http://bibdesk.sourceforge.net/


%% Created for Leo Sicard at 2012-02-03 19:08:25 +0100 


%% Saved with string encoding Unicode (UTF-8) 



@inproceedings{Winkler:2011:interactivephonecall,
	Acmid = {2076367},
	Address = {New York, NY, USA},
	Author = {Winkler, Christian and Reinartz, Christian and Nowacka, Diana and Rukzio, Enrico},
	Booktitle = {Proceedings of the ACM International Conference on Interactive Tabletops and Surfaces},
	Date-Added = {2012-02-03 14:50:21 +0000},
	Date-Modified = {2012-02-03 14:50:49 +0000},
	Doi = {http://doi.acm.org/10.1145/2076354.2076367},
	Isbn = {978-1-4503-0871-7},
	Keywords = {collaboration, mobile phone, personal projection, phone call, projector phone},
	Location = {Kobe, Japan},
	Numpages = {10},
	Pages = {61--70},
	Publisher = {ACM},
	Series = {ITS '11},
	Title = {Interactive phone call: synchronous remote collaboration and projected interactive surfaces},
	Url = {http://doi.acm.org/10.1145/2076354.2076367},
	Year = {2011},
	Bdsk-Url-1 = {http://doi.acm.org/10.1145/2076354.2076367}}

@misc{pixelsense,
	Author = {Microsoft},
	Date-Added = {2012-02-03 11:13:55 +0000},
	Date-Modified = {2012-02-03 11:14:34 +0000},
	Howpublished = {\url{http://www.microsoft.com/surface/en/us/pixelsense.aspx}},
	Note = {(accessed 2/12)},
	Title = {PixelSense},
	Year = {2012}}

@misc{pq,
	Author = {{PQ Labs}},
	Date-Added = {2012-02-03 10:55:16 +0000},
	Date-Modified = {2012-02-03 10:56:25 +0000},
	Howpublished = {\url{http://multi-touch-screen.com/}},
	Note = {(accessed 2/12)},
	Title = {PQ Labs},
	Year = {2012}}

@misc{3m,
	Author = {3M},
	Date-Added = {2012-02-03 10:53:32 +0000},
	Date-Modified = {2012-02-03 10:54:15 +0000},
	Howpublished = {\url{http://www.3m.com/}},
	Note = {(accessed 2/12)},
	Title = {3M},
	Year = {2012}}

@misc{displax,
	Author = {Displax},
	Date-Added = {2012-02-03 10:48:21 +0000},
	Date-Modified = {2012-02-03 11:22:03 +0000},
	Howpublished = {\url{http://www.displax.com/}},
	Note = {(accessed 2/12)},
	Title = {Displax},
	Year = {2012}}

@misc{multitouch,
	Author = {MultiTouch},
	Date-Added = {2012-02-03 10:42:48 +0000},
	Date-Modified = {2012-02-03 10:47:09 +0000},
	Howpublished = {\url{http://multitouch.fi}},
	Note = {(accessed 2/12)},
	Title = {MultiTouch},
	Year = {2012}}

@misc{ms,
	Author = {Microsoft},
	Date-Added = {2012-01-25 10:15:41 +0000},
	Date-Modified = {2012-01-25 10:17:07 +0000},
	Howpublished = {\url{http://www.microsoft.com/surface/}},
	Note = {(accessed 2/12)},
	Title = {Microsoft Surface},
	Year = {2012}}

@misc{iphone,
	Author = {Apple},
	Date-Added = {2012-01-25 08:36:17 +0000},
	Date-Modified = {2012-01-25 08:50:21 +0000},
	Howpublished = {\url{http://www.apple.com/iphone/}},
	Note = {(accessed 2/12)},
	Title = {iPhone},
	Year = {2012}}

@book{Benyon:2010,
	Author = {Benyon, David},
	Date-Added = {2012-01-24 15:51:28 +0000},
	Date-Modified = {2012-01-25 08:06:52 +0000},
	Pages = {678},
	Publisher = {Addison Wesley},
	Title = {Designing interactive systems: a comprehensive guide to HCI and interaction design},
	Url = {http://books.google.com/books?id=P923PwAACAAJ},
	Year = {2010},
	Bdsk-Url-1 = {http://books.google.com/books?id=P923PwAACAAJ&pgis=1}}

@article{Arthur:2011:xice,
	Acmid = {1993064},
	Address = {New York, NY, USA},
	Articleno = {14},
	Author = {Arthur, Richard and Olsen,Jr., Dan R.},
	Date-Added = {2012-01-09 16:10:41 +0000},
	Date-Modified = {2012-01-09 16:11:04 +0000},
	Doi = {http://doi.acm.org/10.1145/1993060.1993064},
	Issn = {1073-0516},
	Issue = {3},
	Issue_Date = {July 2011},
	Journal = {ACM Trans. Comput.-Hum. Interact.},
	Keywords = {Nomadic interaction, annex screens, security},
	Month = {August},
	Numpages = {46},
	Pages = {14:1--14:46},
	Publisher = {ACM},
	Title = {XICE windowing toolkit: Seamless display annexation},
	Url = {http://doi.acm.org/10.1145/1993060.1993064},
	Volume = {18},
	Year = {2011},
	Bdsk-Url-1 = {http://doi.acm.org/10.1145/1993060.1993064}}

@inproceedings{Chapuis:2005:metisse,
	Acmid = {1095038},
	Address = {New York, NY, USA},
	Author = {Chapuis, Olivier and Roussel, Nicolas},
	Booktitle = {Proceedings of the 18th annual ACM symposium on User interface software and technology},
	Date-Added = {2011-12-16 10:00:05 +0000},
	Date-Modified = {2011-12-16 10:00:18 +0000},
	Doi = {http://doi.acm.org/10.1145/1095034.1095038},
	Isbn = {1-59593-271-2},
	Keywords = {window management, window system},
	Location = {Seattle, WA, USA},
	Numpages = {10},
	Pages = {13--22},
	Publisher = {ACM},
	Series = {UIST '05},
	Title = {Metisse is not a 3D desktop!},
	Url = {http://doi.acm.org/10.1145/1095034.1095038},
	Year = {2005},
	Bdsk-Url-1 = {http://doi.acm.org/10.1145/1095034.1095038}}

@inproceedings{Eagan:2011:cocoa,
	Acmid = {2047226},
	Address = {New York, NY, USA},
	Author = {Eagan, James R. and Beaudouin-Lafon, Michel and Mackay, Wendy E.},
	Booktitle = {Proceedings of the 24th annual ACM symposium on User interface software and technology},
	Date-Added = {2011-12-16 09:57:43 +0000},
	Date-Modified = {2011-12-16 09:58:34 +0000},
	Doi = {http://doi.acm.org/10.1145/2047196.2047226},
	Isbn = {978-1-4503-0716-1},
	Keywords = {meta-toolkits, runtime software development, runtime toolkit overloading, user interfaces},
	Location = {Santa Barbara, California, USA},
	Numpages = {10},
	Pages = {225--234},
	Publisher = {ACM},
	Series = {UIST '11},
	Title = {Cracking the cocoa nut: user interface programming at runtime},
	Url = {http://doi.acm.org/10.1145/2047196.2047226},
	Year = {2011},
	Bdsk-Url-1 = {http://doi.acm.org/10.1145/2047196.2047226}}

@inproceedings{Gjerlufsen:2011:substance,
	Acmid = {1979446},
	Address = {New York, NY, USA},
	Author = {Gjerlufsen, Tony and Klokmose, Clemens Nylandsted and Eagan, James and Pillias, Cl\'{e}ment and Beaudouin-Lafon, Michel},
	Booktitle = {PART 5 -------- Proceedings of the 2011 annual conference on Human factors in computing systems},
	Date-Added = {2011-12-16 09:55:08 +0000},
	Date-Modified = {2011-12-16 09:58:43 +0000},
	Doi = {http://doi.acm.org/10.1145/1979442.1979446},
	Keywords = {data-oriented model, middleware, multi-surface interaction},
	Location = {Vancouver, BC, Canada},
	Numpages = {10},
	Pages = {3383--3392},
	Publisher = {ACM},
	Series = {CHI '11},
	Title = {Shared substance: developing flexible multi-surface applications},
	Url = {http://doi.acm.org/10.1145/1979442.1979446},
	Year = {2011},
	Bdsk-Url-1 = {http://doi.acm.org/10.1145/1979442.1979446}}

@book{Want:2002:personalserver,
	Author = {Royu Want and Trevor Pering and Gunner Danneels and Muthu Kumar and Murali Sundar and John Light},
	Booktitle = {Ubiquitous Computing/Handheld and Ubiquitous Computing},
	Date-Added = {2011-10-12 13:41:51 +0000},
	Date-Modified = {2011-10-12 13:42:12 +0000},
	Doi = {10.1007/3-540-45809-3_15},
	Masid = {468738},
	Pages = {194--209},
	Title = {The Personal Server: Changing the Way We Think about Ubiquitous Computing},
	Year = {2002},
	Bdsk-Url-1 = {http://dx.doi.org/10.1007/3-540-45809-3_15}}

@inproceedings{Wobbrock:2009:gestures,
	Acmid = {1518866},
	Address = {New York, NY, USA},
	Author = {Wobbrock, Jacob O. and Morris, Meredith Ringel and Wilson, Andrew D.},
	Booktitle = {Proceedings of the 27th international conference on Human factors in computing systems},
	Date-Added = {2011-10-12 13:19:23 +0000},
	Date-Modified = {2011-10-12 13:19:55 +0000},
	Doi = {http://doi.acm.org/10.1145/1518701.1518866},
	Isbn = {978-1-60558-246-7},
	Keywords = {gesture recognition, gestures, guessability, referents, signs, surface, tabletop, think-aloud},
	Location = {Boston, MA, USA},
	Numpages = {10},
	Pages = {1083--1092},
	Publisher = {ACM},
	Series = {CHI '09},
	Title = {User-defined gestures for surface computing},
	Url = {http://doi.acm.org/10.1145/1518701.1518866},
	Year = {2009},
	Bdsk-Url-1 = {http://doi.acm.org/10.1145/1518701.1518866}}

@misc{Wimmer:2009:curve,
	Author = {Raphael Wimmer and Florian Schulz and Fabian Hennecke and Sebastian Boring and Heinrich Hu{\ss}mann},
	Date-Added = {2011-09-14 12:03:49 +0200},
	Date-Modified = {2011-09-14 12:04:17 +0200},
	Title = {Curve: Blending Horizontal and Vertical Interactive Surfaces},
	Year = {2009}}

@chapter{Tandler:2001:smartenv,
	Author = {Peter Tandler},
	Booktitle = {Ubicomp 2001: Ubiquitous Computing},
	Date-Added = {2011-09-07 15:20:01 +0200},
	Date-Modified = {2011-09-07 15:21:07 +0200},
	Doi = {10.1007/3-540-45427-6_9},
	Pages = {96--115},
	Series = {Lecture Notes in Computer Science},
	Title = {Software Infrastructure for Ubiquitous Computing Environments: Supporting Synchronous Collaboration with Heterogeneous Devices},
	Volume = {2201},
	Year = {2001},
	Bdsk-Url-1 = {http://www.springerlink.com/content/vnka7g6k43r52tma/export-citation/fulltext.pdf},
	Bdsk-Url-2 = {http://dx.doi.org/10.1007/3-540-45427-6_9}}

@inproceedings{Streitz:1999:iland,
	Acmid = {303010},
	Address = {New York, NY, USA},
	Author = {Streitz, Norbert A. and Gei\ssler, J\"{o}rg and Holmer, Torsten and Konomi, Shin'ichi and M\"{u}ller-Tomfelde, Christian and Reischl, Wolfgang and Rexroth, Petra and Seitz, Peter and Steinmetz, Ralf},
	Booktitle = {Proceedings of the SIGCHI conference on Human factors in computing systems: the CHI is the limit},
	Date-Added = {2011-09-07 15:18:19 +0200},
	Date-Modified = {2011-09-07 15:18:37 +0200},
	Doi = {http://doi.acm.org/10.1145/302979.303010},
	Isbn = {0-201-48559-1},
	Keywords = {CSCW, architectural space, augmented reality, cooperative rooms, creativity support, dynmic team work, integrated design, interactive landscape, roomware, ubiquitous computing, virtual information space, workspaces of the future},
	Location = {Pittsburgh, Pennsylvania, United States},
	Numpages = {8},
	Pages = {120--127},
	Publisher = {ACM},
	Series = {CHI '99},
	Title = {i-LAND: an interactive landscape for creativity and innovation},
	Url = {http://doi.acm.org/10.1145/302979.303010},
	Year = {1999},
	Bdsk-Url-1 = {http://doi.acm.org/10.1145/302979.303010}}

@article{Chou:2001:bluespace,
	Author = {Paul Chou and Marco Gruteser and Jennifer Lai and Anthony Levas and Scott McFaddin and Claudio Pinhanez and Marisa Viveros and Danny Wong and Sachiko Yoshihama},
	Date-Added = {2011-09-07 15:03:24 +0200},
	Date-Modified = {2011-09-07 15:03:36 +0200},
	Masid = {10924},
	Title = {BlueSpace: Creating a Personalized and Context-Aware Workspace},
	Year = {2001}}

@article{Lai:2002:bluespace,
	Author = {Jennifer C. Lai and Anthony Levas and Paul B. Chou and Claudio S. Pinhanez and Marisa S. Viveros},
	Date-Added = {2011-09-07 15:02:32 +0200},
	Date-Modified = {2011-09-07 15:02:58 +0200},
	Doi = {10.1006/ijhc.2002.1028},
	Issue = {5},
	Journal = {International Journal of Human-computer Studies / International Journal of Man-machine Studies},
	Masid = {825057},
	Pages = {415--428},
	Title = {BlueSpace: personalizing workspace through awareness and adaptability},
	Volume = {57},
	Year = {2002},
	Bdsk-Url-1 = {http://dx.doi.org/10.1006/ijhc.2002.1028}}

@inproceedings{Rekimoto:1999:augmentedsurfaces,
	Acmid = {303113},
	Address = {New York, NY, USA},
	Author = {Rekimoto, Jun and Saitoh, Masanori},
	Booktitle = {Proceedings of the SIGCHI conference on Human factors in computing systems: the CHI is the limit},
	Date-Added = {2011-09-05 15:15:15 +0200},
	Date-Modified = {2011-09-05 15:15:41 +0200},
	Doi = {http://doi.acm.org/10.1145/302979.303113},
	Isbn = {0-201-48559-1},
	Keywords = {architectural media, augmented reality, multiple device user interfaces, physical space, portable computers, table-sized displays, ubiquitous computing, wall-sized displays},
	Location = {Pittsburgh, Pennsylvania, United States},
	Numpages = {8},
	Pages = {378--385},
	Publisher = {ACM},
	Series = {CHI '99},
	Title = {Augmented surfaces: a spatially continuous work space for hybrid computing environments},
	Url = {http://doi.acm.org/10.1145/302979.303113},
	Year = {1999},
	Bdsk-Url-1 = {http://doi.acm.org/10.1145/302979.303113}}

@article{Geller:2006:exhibits,
	Author = {Geller, T.},
	Date-Added = {2011-09-05 09:07:54 +0200},
	Date-Modified = {2011-09-05 09:08:27 +0200},
	Doi = {10.1109/MCG.2006.111},
	Issn = {0272-1716},
	Journal = {Computer Graphics and Applications, IEEE},
	Keywords = {galleries; museums; tabletop displays;Computer Graphics;Computer Peripherals;Equipment Design;Exhibits;Information Dissemination;Information Storage and Retrieval;Museums;Signal Processing, Computer-Assisted;User-Computer Interface;},
	Month = {sept.-oct.},
	Number = {5},
	Pages = {6 - 11},
	Title = {Interactive Tabletop Exhibits in Museums and Galleries},
	Volume = {26},
	Year = {2006},
	Bdsk-Url-1 = {http://dx.doi.org/10.1109/MCG.2006.111}}

@chapter{Holmquist:2001:smartits,
	Author = {Lars Erik Holmquist and Friedemann Mattern and Bernt Schiele and Petteri Alahuhta and Michael Beigl5 and Hans-W. Gellersen},
	Booktitle = {Ubicomp 2001: Ubiquitous Computing},
	Date-Added = {2011-09-03 15:47:23 +0200},
	Date-Modified = {2011-09-03 15:47:51 +0200},
	Doi = {10.1007/3-540-45427-6_10},
	Pages = {116--122},
	Series = {Lecture Notes in Computer Science},
	Title = {Smart-Its Friends: A Technique for Users to Easily Establish Connections between Smart Artefacts},
	Volume = {2201},
	Year = {2001},
	Bdsk-Url-1 = {http://www.springerlink.com/content/tf9vq9jydcqef85c/export-citation/fulltext.pdf},
	Bdsk-Url-2 = {http://dx.doi.org/10.1007/3-540-45427-6_10}}

@inproceedings{Hardy:2008:touchinteract,
	Acmid = {1409267},
	Address = {New York, NY, USA},
	Author = {Hardy, Robert and Rukzio, Enrico},
	Booktitle = {Proceedings of the 10th international conference on Human computer interaction with mobile devices and services},
	Date-Added = {2011-09-03 15:45:18 +0200},
	Date-Modified = {2011-09-03 15:45:27 +0200},
	Doi = {http://doi.acm.org/10.1145/1409240.1409267},
	Isbn = {978-1-59593-952-4},
	Keywords = {dynamic display, mobile interaction, touch \&amp; interact},
	Location = {Amsterdam, The Netherlands},
	Numpages = {10},
	Pages = {245--254},
	Publisher = {ACM},
	Series = {MobileHCI '08},
	Title = {Touch \&amp; interact: touch-based interaction of mobile phones with displays},
	Url = {http://doi.acm.org/10.1145/1409240.1409267},
	Year = {2008},
	Bdsk-Url-1 = {http://doi.acm.org/10.1145/1409240.1409267}}

@inproceedings{Han:2005:ftir,
	Acmid = {1095054},
	Address = {New York, NY, USA},
	Author = {Han, Jefferson Y.},
	Booktitle = {Proceedings of the 18th annual ACM symposium on User interface software and technology},
	Date-Added = {2011-09-03 15:43:40 +0200},
	Date-Modified = {2011-09-03 15:44:01 +0200},
	Doi = {http://doi.acm.org/10.1145/1095034.1095054},
	Isbn = {1-59593-271-2},
	Keywords = {frustrated total internal reflection, multi-touch, tactile, touch},
	Location = {Seattle, WA, USA},
	Numpages = {4},
	Pages = {115--118},
	Publisher = {ACM},
	Series = {UIST '05},
	Title = {Low-cost multi-touch sensing through frustrated total internal reflection},
	Url = {http://doi.acm.org/10.1145/1095034.1095054},
	Year = {2005},
	Bdsk-Url-1 = {http://doi.acm.org/10.1145/1095034.1095054}}

@article{Cuypers:2009:smartphonelocalization,
	Author = {Tom Cuypers and Yannick Francken and Cedric Vanaken and Frank Van Reeth and Philippe Bekaert},
	Date-Added = {2011-09-03 15:22:23 +0200},
	Date-Modified = {2011-09-03 15:23:10 +0200},
	Journal = {Proc. Procams},
	Masid = {5811310},
	Title = {Smartphone Localization on Interactive Surfaces Using the Built-in Camera},
	Year = {2009}}

@inproceedings{Wilson:2007:bluetable,
	Acmid = {1268539},
	Address = {New York, NY, USA},
	Author = {Wilson, Andrew D. and Sarin, Raman},
	Booktitle = {Proceedings of Graphics Interface 2007},
	Date-Added = {2011-09-03 13:52:02 +0200},
	Date-Modified = {2011-09-03 13:52:16 +0200},
	Doi = {http://doi.acm.org/10.1145/1268517.1268539},
	Isbn = {978-1-56881-337-0},
	Keywords = {bluetooth, computer vision, interactive tabletops, mobile devices, ubiquitous computing},
	Location = {Montreal, Canada},
	Numpages = {7},
	Pages = {119--125},
	Publisher = {ACM},
	Series = {GI '07},
	Title = {BlueTable: connecting wireless mobile devices on interactive surfaces using vision-based handshaking},
	Url = {http://doi.acm.org/10.1145/1268517.1268539},
	Year = {2007},
	Bdsk-Url-1 = {http://doi.acm.org/10.1145/1268517.1268539}}

@article{Scott:2006:tabletopinteraction,
	Author = {Scott, S.S. and Carpendale, S.},
	Date-Added = {2011-09-03 13:49:04 +0200},
	Date-Modified = {2011-09-03 13:49:26 +0200},
	Doi = {10.1109/MCG.2006.107},
	Issn = {0272-1716},
	Journal = {Computer Graphics and Applications, IEEE},
	Keywords = {Digital tabletops; computer-supported collaboration; horizontal interfaces; large screen displays;Computer Graphics;Computer Peripherals;Equipment Design;Human Engineering;Information Dissemination;Information Storage and Retrieval;Signal Processing, Computer-Assisted;User-Computer Interface;},
	Month = {sept.-oct.},
	Number = {5},
	Pages = {24 - 27},
	Title = {Guest Editors' Introduction: Interacting with Digital Tabletops},
	Volume = {26},
	Year = {2006},
	Bdsk-Url-1 = {http://dx.doi.org/10.1109/MCG.2006.107}}

@inproceedings{Schoning:2008:phoneflash,
	Author = {Sch{\"o}ning, J. and Rohs, M. and Kr{\"u}ger, A.},
	Booktitle = {Proc. PPD '08},
	Date-Added = {2011-09-03 13:42:58 +0200},
	Date-Modified = {2011-09-03 13:46:15 +0200},
	Title = {Using Mobile Phones to Spontaneously Authenticate and Interact with Multi-touch Surfaces},
	Year = {2008}}

@chapter{Ryall:2005:idwidgets,
	Author = {Kathy Ryall and Alan Esenther and Katherine Everitt and Clifton Forlines and Meredith Ringel Morris and Chia Shen and Sam Shipman and Frederic Vernier},
	Booktitle = {Human-Computer Interaction - INTERACT 2005},
	Date-Added = {2011-09-03 13:35:10 +0200},
	Date-Modified = {2011-09-03 13:35:29 +0200},
	Doi = {10.1007/11555261_120},
	Pages = {1124--1128},
	Series = {Lecture Notes in Computer Science},
	Title = {iDwidgets: Parameterizing Widgets by User Identity},
	Volume = {3585},
	Year = {2005},
	Bdsk-Url-1 = {http://www.springerlink.com/content/5vajkn6f226rkcky/export-citation/fulltext.pdf},
	Bdsk-Url-2 = {http://dx.doi.org/10.1007/11555261_120}}

@inproceedings{Ringel:2004:documentsharing,
	Acmid = {986085},
	Address = {New York, NY, USA},
	Author = {Ringel, Meredith and Ryall, Kathy and Shen, Chia and Forlines, Clifton and Vernier, Frederic},
	Booktitle = {CHI '04 extended abstracts on Human factors in computing systems},
	Date-Added = {2011-09-03 13:33:22 +0200},
	Date-Modified = {2011-09-03 13:33:34 +0200},
	Doi = {http://doi.acm.org/10.1145/985921.986085},
	Isbn = {1-58113-703-6},
	Keywords = {access control, computer-supported cooperative work, groupware, multi-user interfaces, tabletop interfaces},
	Location = {Vienna, Austria},
	Numpages = {4},
	Pages = {1441--1444},
	Publisher = {ACM},
	Series = {CHI EA '04},
	Title = {Release, relocate, reorient, resize: fluid techniques for document sharing on multi-user interactive tables},
	Url = {http://doi.acm.org/10.1145/985921.986085},
	Year = {2004},
	Bdsk-Url-1 = {http://doi.acm.org/10.1145/985921.986085}}

@inproceedings{Kirk:2009:hybridsurfaces,
	Acmid = {1671016},
	Address = {Swinton, UK, UK},
	Author = {Kirk, David and Sellen, Abigail and Taylor, Stuart and Villar, Nicolas and Izadi, Shahram},
	Booktitle = {Proceedings of the 23rd British HCI Group Annual Conference on People and Computers: Celebrating People and Technology},
	Date-Added = {2011-09-03 13:30:03 +0200},
	Date-Modified = {2011-09-03 13:30:43 +0200},
	Keywords = {TUI, design, direct-touch, hybrid surfaces, tangibility},
	Location = {Cambridge, United Kingdom},
	Numpages = {10},
	Pages = {35--44},
	Publisher = {British Computer Society},
	Series = {BCS-HCI '09},
	Title = {Putting the physical into the digital: issues in designing hybrid interactive surfaces},
	Url = {http://dl.acm.org/citation.cfm?id=1671011.1671016},
	Year = {2009},
	Bdsk-Url-1 = {http://dl.acm.org/citation.cfm?id=1671011.1671016}}

@inproceedings{Jorda:2007:reactable,
	Acmid = {1226998},
	Address = {New York, NY, USA},
	Author = {Jord\`{a}, Sergi and Geiger, G\"{u}nter and Alonso, Marcos and Kaltenbrunner, Martin},
	Booktitle = {Proceedings of the 1st international conference on Tangible and embedded interaction},
	Date-Added = {2011-09-03 13:25:46 +0200},
	Date-Modified = {2011-09-03 13:26:11 +0200},
	Doi = {http://doi.acm.org/10.1145/1226969.1226998},
	Isbn = {978-1-59593-619-6},
	Keywords = {design, interaction techniques, musical instrument, musical performance, tabletop interfaces, tangible interfaces},
	Location = {Baton Rouge, Louisiana},
	Numpages = {8},
	Pages = {139--146},
	Publisher = {ACM},
	Series = {TEI '07},
	Title = {The reacTable: exploring the synergy between live music performance and tabletop tangible interfaces},
	Url = {http://doi.acm.org/10.1145/1226969.1226998},
	Year = {2007},
	Bdsk-Url-1 = {http://doi.acm.org/10.1145/1226969.1226998}}

@inproceedings{Gaver:2009:failure,
	Acmid = {1519040},
	Address = {New York, NY, USA},
	Author = {Gaver, William and Bowers, John and Kerridge, Tobie and Boucher, Andy and Jarvis, Nadine},
	Booktitle = {Proceedings of the 27th international conference on Human factors in computing systems},
	Date-Added = {2011-08-30 13:37:42 +0200},
	Date-Modified = {2011-08-30 13:37:58 +0200},
	Doi = {http://doi.acm.org/10.1145/1518701.1519040},
	Isbn = {978-1-60558-246-7},
	Keywords = {failure, home, interpretation, ubiquitous computing},
	Location = {Boston, MA, USA},
	Numpages = {10},
	Pages = {2213--2222},
	Publisher = {ACM},
	Series = {CHI '09},
	Title = {Anatomy of a failure: how we knew when our design went wrong, and what we learned from it},
	Url = {http://doi.acm.org/10.1145/1518701.1519040},
	Year = {2009},
	Bdsk-Url-1 = {http://doi.acm.org/10.1145/1518701.1519040}}

@inproceedings{Wagner:2010:paper,
	Acmid = {1753606},
	Address = {New York, NY, USA},
	Author = {Wagner, Julie and Mackay, Wendy},
	Booktitle = {Proceedings of the 28th international conference on Human factors in computing systems},
	Date-Added = {2011-08-30 13:33:00 +0200},
	Date-Modified = {2011-08-30 13:33:22 +0200},
	Doi = {http://doi.acm.org/10.1145/1753326.1753606},
	Isbn = {978-1-60558-929-9},
	Keywords = {printing, reusable paper, sustainability, sustainable design},
	Location = {Atlanta, Georgia, USA},
	Numpages = {4},
	Pages = {1871--1874},
	Publisher = {ACM},
	Series = {CHI '10},
	Title = {Exploring sustainable design with reusable paper},
	Url = {http://doi.acm.org/10.1145/1753326.1753606},
	Year = {2010},
	Bdsk-Url-1 = {http://doi.acm.org/10.1145/1753326.1753606}}

@inproceedings{Dourish:2006:design,
	Acmid = {1124855},
	Address = {New York, NY, USA},
	Author = {Dourish, Paul},
	Booktitle = {Proceedings of the SIGCHI conference on Human Factors in computing systems},
	Date-Added = {2011-08-30 13:02:28 +0200},
	Date-Modified = {2011-08-30 13:02:43 +0200},
	Doi = {http://doi.acm.org/10.1145/1124772.1124855},
	Isbn = {1-59593-372-7},
	Keywords = {design, ethnography},
	Location = {Montr\&amp;\#233;al, Qu\&amp;\#233;bec, Canada},
	Numpages = {10},
	Pages = {541--550},
	Publisher = {ACM},
	Series = {CHI '06},
	Title = {Implications for design},
	Url = {http://doi.acm.org/10.1145/1124772.1124855},
	Year = {2006},
	Bdsk-Url-1 = {http://doi.acm.org/10.1145/1124772.1124855}}

@inproceedings{Olwal:2008:surfacefusion,
	Acmid = {1375754},
	Address = {Toronto, Ont., Canada, Canada},
	Author = {Olwal, Alex and Wilson, Andrew D.},
	Booktitle = {Proceedings of graphics interface 2008},
	Date-Added = {2011-08-30 11:50:34 +0200},
	Date-Modified = {2011-08-30 11:51:04 +0200},
	Isbn = {978-1-56881-423-0},
	Keywords = {RFID, computer vision, fusion, surface computing, tabletop, tangible user interface},
	Location = {Windsor, Ontario, Canada},
	Numpages = {8},
	Pages = {235--242},
	Publisher = {Canadian Information Processing Society},
	Series = {GI '08},
	Title = {SurfaceFusion: unobtrusive tracking of everyday objects in tangible user interfaces},
	Url = {http://dl.acm.org/citation.cfm?id=1375714.1375754},
	Year = {2008},
	Bdsk-Url-1 = {http://dl.acm.org/citation.cfm?id=1375714.1375754}}

@inproceedings{Tan:2004:wincuts,
	Acmid = {986106},
	Address = {New York, NY, USA},
	Author = {Tan, Desney S. and Meyers, Brian and Czerwinski, Mary},
	Booktitle = {CHI '04 extended abstracts on Human factors in computing systems},
	Date-Added = {2011-08-30 09:46:55 +0200},
	Date-Modified = {2011-08-30 12:45:22 +0200},
	Doi = {http://doi.acm.org/10.1145/985921.986106},
	Isbn = {1-58113-703-6},
	Keywords = {collaboration, information management, interaction technique, regions, screen space, spatial layout, windows},
	Location = {Vienna, Austria},
	Numpages = {4},
	Pages = {1525--1528},
	Publisher = {ACM},
	Series = {CHI EA '04},
	Title = {WinCuts: manipulating arbitrary window regions for more effective use of screen space},
	Url = {http://doi.acm.org/10.1145/985921.986106},
	Year = {2004},
	Bdsk-Url-1 = {http://doi.acm.org/10.1145/985921.986106}}

@article{Richardson:1998:vnc,
	Author = {Tristan Richardson AND Quentin Stafford-Fraser AND Kenneth R. Wood AND Andy Hopper},
	Date-Added = {2011-08-29 20:35:21 +0200},
	Date-Modified = {2011-08-30 11:43:58 +0200},
	Journal = {Internet Computing, IEEE},
	Number = {1},
	Pages = {33-38},
	Title = {Virtual Network Computing},
	Volume = {2},
	Year = {1998}}

@article{Edwards:2009:obje,
	Acmid = {1502803},
	Address = {New York, NY, USA},
	Articleno = {3},
	Author = {Edwards, W. Keith and Newman, Mark W. and Sedivy, Jana Z. and Smith, Trevor F.},
	Date-Added = {2011-08-29 20:33:11 +0200},
	Date-Modified = {2011-08-30 11:45:58 +0200},
	Doi = {http://doi.acm.org/10.1145/1502800.1502803},
	Issn = {1073-0516},
	Issue = {1},
	Journal = {ACM Trans. Comput.-Hum. Interact.},
	Keywords = {Mobile code, Obje, Speakeasy, discovery, infrastructure, interoperability, recombinant computing, ubiquitous computing, user interfaces},
	Month = {April},
	Numpages = {44},
	Pages = {3:1--3:44},
	Publisher = {ACM},
	Title = {Experiences with recombinant computing: Exploring ad hoc interoperability in evolving digital networks},
	Url = {http://doi.acm.org/10.1145/1502800.1502803},
	Volume = {16},
	Year = {2009},
	Bdsk-Url-1 = {http://doi.acm.org/10.1145/1502800.1502803}}

@chapter{Pering:2009:platformcomp,
	Author = {Trevor Pering and Roy Want and Barbara Rosario and Shivani Sud and Kent Lyons},
	Booktitle = {Pervasive Computing},
	Date-Added = {2011-08-29 20:31:43 +0200},
	Date-Modified = {2011-08-30 11:51:32 +0200},
	Doi = {10.1007/978-3-642-01516-8_14},
	Pages = {184--201},
	Series = {Lecture Notes in Computer Science},
	Title = {Enabling Pervasive Collaboration with Platform Composition},
	Volume = {5538},
	Year = {2009},
	Bdsk-Url-1 = {http://www.springerlink.com/content/m58x804626404137/export-citation/fulltext.pdf},
	Bdsk-Url-2 = {http://dx.doi.org/10.1007/978-3-642-01516-8_14}}

@article{Moeslund:2006:motioncapture,
	Author = {Thomas B. Moeslund and Adrian Hilton and Volker Kr{\"u}ger},
	Date-Added = {2011-08-29 20:28:24 +0200},
	Date-Modified = {2011-08-30 11:52:20 +0200},
	Doi = {DOI: 10.1016/j.cviu.2006.08.002},
	Issn = {1077-3142},
	Journal = {Computer Vision and Image Understanding},
	Keywords = {Recognition},
	Note = {Special Issue on Modeling People: Vision-based understanding of a person's shape, appearance, movement and behaviour},
	Number = {2-3},
	Pages = {90 - 126},
	Title = {A survey of advances in vision-based human motion capture and analysis},
	Url = {http://www.sciencedirect.com/science/article/pii/S1077314206001263},
	Volume = {104},
	Year = {2006},
	Bdsk-Url-1 = {http://www.sciencedirect.com/science/article/pii/S1077314206001263},
	Bdsk-Url-2 = {http://dx.doi.org/10.1016/j.cviu.2006.08.002}}

@article{Hincapie:2011:interruptme,
	Author = {Juan David Hincapi{\'e}-Ramos AND Stephen Voida AND Gloria Mark},
	Date-Added = {2011-08-29 20:23:06 +0200},
	Date-Modified = {2011-08-30 11:55:03 +0200},
	Title = {A Design Space Analysis of Availability-Sharing Systems},
	Year = {2011}}

@article{Schmidt:2000:implicit,
	Author = {Albrecht Schmidt},
	Date-Added = {2011-08-29 20:07:41 +0200},
	Date-Modified = {2011-08-30 11:41:24 +0200},
	Doi = {10.1007/BF01324126},
	Journal = {Personal and Ubiquitous Computing},
	Pages = {191--199},
	Title = {Implicit human computer interaction through context},
	Volume = {4},
	Year = {2000},
	Bdsk-Url-1 = {http://www.springerlink.com/content/u3q14156h6r648h8/export-citation/fulltext.pdf},
	Bdsk-Url-2 = {http://dx.doi.org/10.1007/BF01324126}}

@inproceedings{Bardram:2010:compute,
	Acmid = {1843014},
	Address = {New York, NY, USA},
	Author = {Bardram, Jakob E. and Fuglsang, Christina and Pedersen, Simon C.},
	Booktitle = {Proceedings of the International Conference on Advanced Visual Interfaces},
	Date-Added = {2011-08-24 19:29:57 +0200},
	Date-Modified = {2011-08-24 19:30:16 +0200},
	Doi = {http://doi.acm.org/10.1145/1842993.1843014},
	Isbn = {978-1-4503-0076-6},
	Keywords = {application view re-direction, co-located cooperation, composite device, control re-direction, distributed clipboard},
	Location = {Roma, Italy},
	Numpages = {8},
	Pages = {111--118},
	Publisher = {ACM},
	Series = {AVI '10},
	Title = {CompUTE: a runtime infrastructure for device composition},
	Url = {http://doi.acm.org/10.1145/1842993.1843014},
	Year = {2010},
	Bdsk-Url-1 = {http://doi.acm.org/10.1145/1842993.1843014}}

@article{Wellner:1993:digitaldesk,
	Acmid = {159630},
	Address = {New York, NY, USA},
	Author = {Wellner, Pierre},
	Date-Added = {2011-08-22 12:53:14 +0200},
	Date-Modified = {2011-08-22 12:54:03 +0200},
	Doi = {http://doi.acm.org/10.1145/159544.159630},
	Issn = {0001-0782},
	Issue = {7},
	Journal = {Commun. ACM},
	Month = {July},
	Numpages = {10},
	Pages = {87--96},
	Publisher = {ACM},
	Title = {Interacting with paper on the DigitalDesk},
	Url = {http://doi.acm.org/10.1145/159544.159630},
	Volume = {36},
	Year = {1993},
	Bdsk-Url-1 = {http://doi.acm.org/10.1145/159544.159630}}

@inproceedings{Clifton:2010:sketchtop,
	Acmid = {1935778},
	Address = {New York, NY, USA},
	Author = {Clifton, Paul and Mazalek, Ali and Sanford, Jon and R\'{e}bola, Claudia and Lee, Seunghyun and Powell, Natasha},
	Booktitle = {Proceedings of the fifth international conference on Tangible, embedded, and embodied interaction},
	Date-Added = {2011-08-22 12:52:33 +0200},
	Date-Modified = {2011-08-22 12:53:48 +0200},
	Doi = {http://doi.acm.org/10.1145/1935701.1935778},
	Isbn = {978-1-4503-0478-8},
	Keywords = {collaboration, design, multi-touch tabletop},
	Location = {Funchal, Portugal},
	Numpages = {4},
	Pages = {333--336},
	Publisher = {ACM},
	Series = {TEI '11},
	Title = {SketchTop: design collaboration on a multi-touch tabletop},
	Url = {http://doi.acm.org/10.1145/1935701.1935778},
	Year = {2011},
	Bdsk-Url-1 = {http://doi.acm.org/10.1145/1935701.1935778}}

@inproceedings{Hunter:2011:memtable,
	Acmid = {1979432},
	Address = {New York, NY, USA},
	Author = {Hunter, Seth and Maes, Pattie and Scott, Stacey and Kaufman, Henry},
	Booktitle = {Proceedings of the 2011 annual conference on Human factors in computing systems},
	Date-Added = {2011-08-22 12:51:55 +0200},
	Date-Modified = {2011-08-22 12:53:29 +0200},
	Doi = {http://doi.acm.org/10.1145/1978942.1979432},
	Isbn = {978-1-4503-0228-9},
	Keywords = {capture and recall, ergonomics, history, meeting support, memory, memtable, surface computing},
	Location = {Vancouver, BC, Canada},
	Numpages = {10},
	Pages = {3305--3314},
	Publisher = {ACM},
	Series = {CHI '11},
	Title = {MemTable: an integrated system for capture and recall of shared histories in group workspaces},
	Url = {http://doi.acm.org/10.1145/1978942.1979432},
	Year = {2011},
	Bdsk-Url-1 = {http://doi.acm.org/10.1145/1978942.1979432}}

@misc{mobileconnect,
	Date-Added = {2011-08-21 23:10:25 +0200},
	Date-Modified = {2011-08-21 23:11:34 +0200},
	Howpublished = {\url{http://www.youtube.com/watch?v=629hDCC4x-4&feature=player_embedded}},
	Title = {Microsoft Surface Mobile Connect Walkthrough},
	Year = {2009}}

@inproceedings{Dietz:2001:diamondtouch,
	Acmid = {502389},
	Address = {New York, NY, USA},
	Author = {Dietz, Paul and Leigh, Darren},
	Booktitle = {Proceedings of the 14th annual ACM symposium on User interface software and technology},
	Date-Added = {2011-08-21 23:05:13 +0200},
	Date-Modified = {2011-08-21 23:05:36 +0200},
	Doi = {http://doi.acm.org/10.1145/502348.502389},
	Isbn = {1-58113-438-X},
	Keywords = {DiamondTouch, collaborative input, multi-user, single display groupware, touch},
	Location = {Orlando, Florida},
	Numpages = {8},
	Pages = {219--226},
	Publisher = {ACM},
	Series = {UIST '01},
	Title = {DiamondTouch: a multi-user touch technology},
	Url = {http://doi.acm.org/10.1145/502348.502389},
	Year = {2001},
	Bdsk-Url-1 = {http://doi.acm.org/10.1145/502348.502389}}

@inproceedings{Dietz:2009:surfaceware,
	Acmid = {1517717},
	Address = {New York, NY, USA},
	Author = {Dietz, Paul H. and Eidelson, Benjamin D.},
	Booktitle = {Proceedings of the 3rd International Conference on Tangible and Embedded Interaction},
	Date-Added = {2011-08-21 22:55:48 +0200},
	Date-Modified = {2011-08-21 22:56:19 +0200},
	Doi = {http://doi.acm.org/10.1145/1517664.1517717},
	Isbn = {978-1-60558-493-5},
	Keywords = {SurfaceWare, dynamic tags, surface},
	Location = {Cambridge, United Kingdom},
	Numpages = {6},
	Pages = {249--254},
	Publisher = {ACM},
	Series = {TEI '09},
	Title = {SurfaceWare: dynamic tagging for Microsoft Surface},
	Url = {http://doi.acm.org/10.1145/1517664.1517717},
	Year = {2009},
	Bdsk-Url-1 = {http://doi.acm.org/10.1145/1517664.1517717}}

@inproceedings{Schmidt:2010:phonetouch,
	Acmid = {1866034},
	Address = {New York, NY, USA},
	Author = {Schmidt, Dominik and Chehimi, Fadi and Rukzio, Enrico and Gellersen, Hans},
	Booktitle = {Proceedings of the 23nd annual ACM symposium on User interface software and technology},
	Date-Added = {2011-08-21 22:54:55 +0200},
	Date-Modified = {2011-08-21 22:56:30 +0200},
	Doi = {http://doi.acm.org/10.1145/1866029.1866034},
	Isbn = {978-1-4503-0271-5},
	Keywords = {interaction techniques, interactive tabletops, mobile phones, personal devices, surface computing},
	Location = {New York, New York, USA},
	Numpages = {4},
	Pages = {13--16},
	Publisher = {ACM},
	Series = {UIST '10},
	Title = {PhoneTouch: a technique for direct phone interaction on surfaces},
	Url = {http://doi.acm.org/10.1145/1866029.1866034},
	Year = {2010},
	Bdsk-Url-1 = {http://doi.acm.org/10.1145/1866029.1866034}}

@inproceedings{Schmidt:2010:handsdown,
	Acmid = {1868964},
	Address = {New York, NY, USA},
	Author = {Schmidt, Dominik and Chong, Ming Ki and Gellersen, Hans},
	Booktitle = {Proceedings of the 6th Nordic Conference on Human-Computer Interaction: Extending Boundaries},
	Date-Added = {2011-08-21 22:53:37 +0200},
	Date-Modified = {2011-08-21 22:56:38 +0200},
	Doi = {http://doi.acm.org/10.1145/1868914.1868964},
	Isbn = {978-1-60558-934-3},
	Keywords = {authentication, interactive tabletops, multi-touch interaction, surface computing, user identification},
	Location = {Reykjavik, Iceland},
	Numpages = {10},
	Pages = {432--441},
	Publisher = {ACM},
	Series = {NordiCHI '10},
	Title = {HandsDown: hand-contour-based user identification for interactive surfaces},
	Url = {http://doi.acm.org/10.1145/1868914.1868964},
	Year = {2010},
	Bdsk-Url-1 = {http://doi.acm.org/10.1145/1868914.1868964}}

@inproceedings{Schmidt:2010:idlenses,
	Acmid = {1936678},
	Address = {New York, NY, USA},
	Author = {Schmidt, Dominik and Chong, Ming Ki and Gellersen, Hans},
	Booktitle = {ACM International Conference on Interactive Tabletops and Surfaces},
	Date-Added = {2011-08-21 21:59:14 +0200},
	Date-Modified = {2011-08-21 22:56:47 +0200},
	Doi = {http://doi.acm.org/10.1145/1936652.1936678},
	Isbn = {978-1-4503-0399-6},
	Keywords = {interaction techniques, interactive tabletops, surface computing, user identification},
	Location = {Saarbr\&amp;\#252;cken, Germany},
	Numpages = {4},
	Pages = {131--134},
	Publisher = {ACM},
	Series = {ITS '10},
	Title = {IdLenses: dynamic personal areas on shared surfaces},
	Url = {http://doi.acm.org/10.1145/1936652.1936678},
	Year = {2010},
	Bdsk-Url-1 = {http://doi.acm.org/10.1145/1936652.1936678}}

@url{amnesia,
	Author = {Amnesia},
	Date-Added = {2011-08-18 20:18:09 +0200},
	Date-Modified = {2012-01-25 08:03:13 +0000},
	Title = {http://www.amnesiarazorfish.com.au/2011/01/amnesia-razorfish-announces-gesture-sharing-for-smartphones-and-tablets-using-microsoft-surface-press-release},
	Year = {2011},
	Bdsk-Url-1 = {http://www.amnesiarazorfish.com.au/2011/01/amnesia-razorfish-announces-gesture-sharing-for-smartphones-and-tablets-using-microsoft-surface-press-release/}}

@article{Hincapie:2011:rabbit,
	Author = {Juan David Hincapi{\'e}-Ramos AND Aur{\'e}lien Tabard AND Jakob E. Bardram},
	Date-Added = {2011-08-18 20:05:49 +0200},
	Date-Modified = {2011-08-30 11:55:14 +0200},
	Journal = {Ubicomp},
	Title = {Mediated Tabletop Interaction in the Biology Lab - Exploring the Design Space of the Rabbit},
	Year = {2011}}
